@electronic{bw,
  author =	"Andrej Bogdanov and Hoeteck Wee",
  title =	{More on noncommutative polynomial identity testing, \url{https://www.cse.cuhk.edu.hk/~andrejb/pubs/ncpit.pdf}},
}

@electronic{arvind,
author = "V. Arvind and P. Mukhopadhyay and S. Raja",
title = {Randomized Polynomial Time Identity Testing for Noncommutative Circuits, \url{https://arxiv.org/abs/1606.00596}},
}
